
@article{smrvcok2006gamma,
  title={$\gamma$-Alumina: a single-crystal X-ray diffraction study},
  author={Smr{\v{c}}ok, L'ubom{\'\i}r and Langer, Vratislav and K{\v{r}}est'an, Jan},
  journal={Acta Crystallographica Section C: Crystal Structure Communications},
  volume={62},
  number={9},
  pages={i83--i84},
  year={2006},
  publisher={International Union of Crystallography}
}

 @article{discrete_tomo_2017, title={Automated discrete electron tomography – Towards routine high-fidelity reconstruction of nanomaterials}, volume={175}, ISSN={0304-3991}, DOI={10/gdp973},  journal={Ultramicroscopy}, author={Zhuge, Xiaodong and Jinnai, Hiroshi and Dunin-Borkowski, Rafal E. and Migunov, Vadim and Bals, Sara and Cool, Pegie and Bons, Anton-Jan and Batenburg, Kees Joost}, year={2017}, month=apr, pages={87–96} }

 @article{ArenasBals_2024, title={Quantitative 3D structural analysis of small colloidal assemblies under native conditions by liquid-cell fast electron tomography}, volume={15}, rights={2024 The Author(s)}, ISSN={2041-1723}, DOI={10.1038/s41467-024-50652-y},  number={1}, journal={Nature Communications}, publisher={Nature Publishing Group}, author={Arenas Esteban, Daniel and Wang, Da and Kadu, Ajinkya and Olluyn, Noa and Sánchez-Iglesias, Ana and Gomez-Perez, Alejandro and González-Casablanca, Jesús and Nicolopoulos, Stavros and Liz-Marzán, Luis M. and Bals, Sara}, year={2024}, month=jul, pages={6399}, language={en} }

 @article{Pelz_sim_2021, title={A Fast Algorithm for Scanning Transmission Electron Microscopy Imaging and 4D-STEM Diffraction Simulations}, ISSN={1431-9276, 1435-8115}, DOI={10/gk752w}, journal={Microscopy and Microanalysis}, publisher={Cambridge University Press}, author={Pelz, Philipp M. and Rakowski, Alexander and DaCosta, Luis Rangel and Savitzky, Benjamin H. and Scott, Mary C. and Ophus, Colin}, year={2021}, pages={1–14}, language={en} }


 @article{Jannis_2022, title={Reducing electron beam damage through alternative STEM scanning strategies, Part II: Attempt towards an empirical model describing the damage process}, volume={240}, ISSN={0304-3991}, DOI={10.1016/j.ultramic.2022.113568}, journal={Ultramicroscopy}, author={Jannis, D. and Velazco, A. and Béché, A. and Verbeeck, J.}, year={2022}, month=oct, pages={113568} }

 @article{Velazco_2022, title={Reducing electron beam damage through alternative STEM scanning strategies, Part I: Experimental findings}, volume={232}, ISSN={0304-3991}, DOI={10.1016/j.ultramic.2021.113398}, journal={Ultramicroscopy}, author={Velazco, A. and Béché, A. and Jannis, D. and Verbeeck, J.}, year={2022}, month=jan, pages={113398} }

@article{goris2012electron,
  title={Electron tomography based on a total variation minimization reconstruction technique},
  author={Goris, Bart and Van den Broek, Wouter and Batenburg, Kees Joost and Mezerji, H Heidari and Bals, Sara},
  journal={Ultramicroscopy},
  volume={113},
  pages={120--130},
  year={2012},
  publisher={Elsevier}
}

@article{arslan2006reducing,
  title={Reducing the missing wedge: High-resolution dual axis tomography of inorganic materials},
  author={Arslan, Ilke and Tong, Jenna R and Midgley, Paul A},
  journal={Ultramicroscopy},
  volume={106},
  number={11-12},
  pages={994--1000},
  year={2006},
  publisher={Elsevier}
}

@article{dacosta2021prismatic,
  title={Prismatic 2.0--Simulation software for scanning and high resolution transmission electron microscopy (STEM and HRTEM)},
  author={DaCosta, Luis Rangel and Brown, Hamish G and Pelz, Philipp M and Rakowski, Alexander and Barber, Natolya and O’Donovan, Peter and McBean, Patrick and Jones, Lewys and Ciston, Jim and Scott, MC and others},
  journal={Micron},
  volume={151},
  pages={103141},
  year={2021},
  publisher={Elsevier}
}

@article{lupini2016rapid,
  title={Rapid aberration measurement with pixelated detectors},
  author={Lupini, Andrew R and Chi, Miaofang and Jesse, Stephen},
  journal={Journal of Microscopy},
  volume={263},
  number={1},
  pages={43--50},
  year={2016},
  publisher={Wiley Online Library}
}

@book{kirkland2020advanced,
  title={Advanced Computing in Electron Microscopy, 3rd Edition},
  author={Kirkland, E. J.},
  year={2020},
  publisher={Springer}
}
@article{chen2021electron,
  title={Electron ptychography achieves atomic-resolution limits set by lattice vibrations},
  author={Chen, Zhen and Jiang, Yi and Shao, Yu-Tsun and Holtz, Megan E and Odstr{\v{c}}il, Michal and Guizar-Sicairos, Manuel and Hanke, Isabelle and Ganschow, Steffen and Schlom, Darrell G and Muller, David A},
  journal={Science},
  volume={372},
  number={6544},
  pages={826--831},
  year={2021},
  publisher={American Association for the Advancement of Science}
}

@article{tsai2016x,
  title={X-ray ptychography with extended depth of field},
  author={Tsai, Esther HR and Usov, Ivan and Diaz, Ana and Menzel, Andreas and Guizar-Sicairos, Manuel},
  journal={Optics express},
  volume={24},
  number={25},
  pages={29089--29108},
  year={2016},
  publisher={Optica Publishing Group}
}

@article{godden2014ptychographic,
  title={Ptychographic microscope for three-dimensional imaging},
  author={Godden, TM and Suman, R and Humphry, MJ and Rodenburg, JM and Maiden, AM},
  journal={Optics express},
  volume={22},
  number={10},
  pages={12513--12523},
  year={2014},
  publisher={Optica Publishing Group}
}

@article{maiden2012ptychographic,
  title={Ptychographic transmission microscopy in three dimensions using a multi-slice approach},
  author={Maiden, Andrew M and Humphry, Martin J and Rodenburg, John M},
  journal={JOSA A},
  volume={29},
  number={8},
  pages={1606--1614},
  year={2012},
  publisher={Optica Publishing Group}
}

@article{ding2022three,
  title={Three-dimensional electron ptychography of organic--inorganic hybrid nanostructures},
  author={Ding, Zhiyuan and Gao, Si and Fang, Weina and Huang, Chen and Zhou, Liqi and Pei, Xudong and Liu, Xiaoguo and Pan, Xiaoqing and Fan, Chunhai and Kirkland, Angus I and others},
  journal={Nature Communications},
  volume={13},
  number={1},
  pages={4787},
  year={2022},
  publisher={Nature Publishing Group UK London}
}



@article{jiang2018electron,
  title={Electron ptychography of 2D materials to deep sub-{\aa}ngstr{\"o}m resolution},
  author={Jiang, Yi and Chen, Zhen and Han, Yimo and Deb, Pratiti and Gao, Hui and Xie, Saien and Purohit, Prafull and Tate, Mark W and Park, Jiwoong and Gruner, Sol M and others},
  journal={Nature},
  volume={559},
  number={7714},
  pages={343--349},
  year={2018},
  publisher={Nature Publishing Group UK London}
}

@article{rodenburg2004phase,
  title={A phase retrieval algorithm for shifting illumination},
  author={Rodenburg, John M and Faulkner, Helen ML},
  journal={Applied physics letters},
  volume={85},
  number={20},
  pages={4795--4797},
  year={2004},
  publisher={AIP Publishing}
}

@article{maiden2009improved,
  title={An improved ptychographical phase retrieval algorithm for diffractive imaging},
  author={Maiden, Andrew M and Rodenburg, John M},
  journal={Ultramicroscopy},
  volume={109},
  number={10},
  pages={1256--1262},
  year={2009},
  publisher={Elsevier}
}

@article{hoppe1969beugung,
  title={Beugung im inhomogenen prim{\"a}rstrahlwellenfeld. i. prinzip einer phasenmessung von elektronenbeungungsinterferenzen},
  author={Hoppe, Walter},
  journal={Acta Crystallographica Section A: Crystal Physics, Diffraction, Theoretical and General Crystallography},
  volume={25},
  number={4},
  pages={495--501},
  year={1969},
  publisher={International Union of Crystallography}
}

@article{whittaker2022ion,
  title={Ion complexation waves emerge at the curved interfaces of layered minerals},
  author={Whittaker, Michael L and Ren, David and Ophus, Colin and Zhang, Yugang and Waller, Laura and Gilbert, Benjamin and Banfield, Jillian F},
  journal={Nature communications},
  volume={13},
  number={1},
  pages={3382},
  year={2022},
  publisher={Nature Publishing Group UK London}
}

@article{urban2008studying,
  title={Studying atomic structures by aberration-corrected transmission electron microscopy},
  author={Urban, Knut W},
  journal={Science},
  volume={321},
  number={5888},
  pages={506--510},
  year={2008},
  publisher={American Association for the Advancement of Science}
}

@article{ophus2016correcting,
  title={Correcting nonlinear drift distortion of scanning probe and scanning transmission electron microscopies from image pairs with orthogonal scan directions},
  author={Ophus, Colin and Ciston, Jim and Nelson, Chris T},
  journal={Ultramicroscopy},
  volume={162},
  pages={1--9},
  year={2016},
  publisher={Elsevier}
}

@article{ophus2016efficient,
  title={Efficient linear phase contrast in scanning transmission electron microscopy with matched illumination and detector interferometry},
  author={Ophus, Colin and Ciston, Jim and Pierce, Jordan and Harvey, Tyler R and Chess, Jordan and McMorran, Benjamin J and Czarnik, Cory and Rose, Harald H and Ercius, Peter},
  journal={Nature communications},
  volume={7},
  number={1},
  pages={10719},
  year={2016},
  publisher={Nature Publishing Group UK London}
}

@article{chang2020ptychographic,
  title={Ptychographic atomic electron tomography: Towards three-dimensional imaging of individual light atoms in materials},
  author={Chang, Dillan J and Kim, Dennis S and Rana, Arjun and Tian, Xuezeng and Zhou, Jihan and Ercius, Peter and Miao, Jianwei},
  journal={Physical Review B},
  volume={102},
  number={17},
  pages={174101},
  year={2020},
  publisher={APS}
}

@article{zhou2019observing,
  title={Observing crystal nucleation in four dimensions using atomic electron tomography},
  author={Zhou, Jihan and Yang, Yongsoo and Yang, Yao and Kim, Dennis S and Yuan, Andrew and Tian, Xuezeng and Ophus, Colin and Sun, Fan and Schmid, Andreas K and Nathanson, Michael and others},
  journal={Nature},
  volume={570},
  number={7762},
  pages={500--503},
  year={2019},
  publisher={Nature Publishing Group UK London}
}

@article{yang2017deciphering,
  title={Deciphering chemical order/disorder and material properties at the single-atom level},
  author={Yang, Yongsoo and Chen, Chien-Chun and Scott, MC and Ophus, Colin and Xu, Rui and Pryor, Alan and Wu, Li and Sun, Fan and Theis, Wolfgang and Zhou, Jihan and others},
  journal={Nature},
  volume={542},
  number={7639},
  pages={75--79},
  year={2017},
  publisher={Nature Publishing Group UK London}
}

@article{xu2015three,
  title={Three-dimensional coordinates of individual atoms in materials revealed by electron tomography},
  author={Xu, Rui and Chen, Chien-Chun and Wu, Li and Scott, Mary C and Theis, Wolfgang and Ophus, Colin and Bartels, Matthias and Yang, Yongsoo and Ramezani-Dakhel, Hadi and Sawaya, Michael R and others},
  journal={Nature materials},
  volume={14},
  number={11},
  pages={1099--1103},
  year={2015},
  publisher={Nature Publishing Group UK London}
}

@article{chen2013three,
  title={Three-dimensional imaging of dislocations in a nanoparticle at atomic resolution},
  author={Chen, Chien-Chun and Zhu, Chun and White, Edward R and Chiu, Chin-Yi and Scott, MC and Regan, BC and Marks, Laurence D and Huang, Yu and Miao, Jianwei},
  journal={Nature},
  volume={496},
  number={7443},
  pages={74--77},
  year={2013},
  publisher={Nature Publishing Group UK London}
}

@article{leary2012recent,
  title={Recent advances in the application of electron tomography to materials chemistry},
  author={Leary, Rowan and Midgley, Paul A and Thomas, John Meurig},
  journal={Accounts of chemical research},
  volume={45},
  number={10},
  pages={1782--1791},
  year={2012},
  publisher={ACS Publications}
}

@article{cowley1957scattering,
  title={The scattering of electrons by atoms and crystals. I. A new theoretical approach},
  author={Cowley, John M and Moodie, A F\_},
  journal={Acta Crystallographica},
  volume={10},
  number={10},
  pages={609--619},
  year={1957},
  publisher={International Union of Crystallography}
}

@article{meyer2008imaging,
  title={Imaging and dynamics of light atoms and molecules on graphene},
  author={Meyer, Jannik C and Girit, C Oe and Crommie, MF and Zettl, A},
  journal={Nature},
  volume={454},
  number={7202},
  pages={319--322},
  year={2008},
  publisher={Nature Publishing Group UK London}
}


@article{huang2011grains,
  title={Grains and grain boundaries in single-layer graphene atomic patchwork quilts},
  author={Huang, Pinshane Y and Ruiz-Vargas, Carlos S and Van Der Zande, Arend M and Whitney, William S and Levendorf, Mark P and Kevek, Joshua W and Garg, Shivank and Alden, Jonathan S and Hustedt, Caleb J and Zhu, Ye and others},
  journal={Nature},
  volume={469},
  number={7330},
  pages={389--392},
  year={2011},
  publisher={Nature Publishing Group UK London}
}

@article{haider1998electron,
  title={Electron microscopy image enhanced},
  author={Haider, Maximilian and Uhlemann, Stephan and Schwan, Eugen and Rose, Harald and Kabius, Bernd and Urban, Knut},
  journal={Nature},
  volume={392},
  number={6678},
  pages={768--769},
  year={1998},
  publisher={Nature Publishing Group UK London}
}

@article{momma2008vesta,
  title={VESTA: a three-dimensional visualization system for electronic and structural analysis},
  author={Momma, Koichi and Izumi, Fujio},
  journal={Journal of Applied crystallography},
  volume={41},
  number={3},
  pages={653--658},
  year={2008},
  publisher={International Union of Crystallography}
}
@article{pelz2023solving,
  title={Solving complex nanostructures with ptychographic atomic electron tomography},
  author={Pelz, Philipp M and Griffin, Sin{\'e}ad M and Stonemeyer, Scott and Popple, Derek and DeVyldere, Hannah and Ercius, Peter and Zettl, Alex and Scott, Mary C and Ophus, Colin},
  journal={Nature Communications},
  volume={14},
  number={1},
  pages={7906},
  year={2023},
  publisher={Nature Publishing Group UK London}
}
@article{hunter2007matplotlib,
  title={Matplotlib: A 2D graphics environment},
  author={Hunter, John D},
  journal={Computing in science \& engineering},
  volume={9},
  number={03},
  pages={90--95},
  year={2007},
  publisher={IEEE Computer Society}
}



@book{stempy, title={stempy: Toolkit for processing 4D STEM image data on HPC}, author={Chris Harris and Patrick Avery and Peter Ercius}, DOI={ 10.5281/zenodo.6546416}}

 @book{tomviz, title={Cross platform, open source application for the processing, visualization, and analysis of 3D tomography data}, DOI={10.5281/zenodo.3905468}, author={Marcus Hanwell, David Muller, Rob Hovden}}
  
 @article{chang2019blind,
  title={Blind ptychographic phase retrieval via convergent alternating direction method of multipliers},
  author={Chang, H. and Enfedaque, P. and Marchesini, S.},
  journal={SIAM Journal on Imaging Sciences},
  volume={12},
  number={1},
  pages={153--185},
  year={2019},
  publisher={SIAM}
}


@article{ercius20204d,
  title={The {4D} camera--An 87 {kHz} frame-rate detector for counted {4D-STEM} experiments},
  author={Ercius, Peter and others},
  journal={Microscopy and Microanalysis},
  volume={26},
  number={S2},
  pages={1896--1897},
  year={2020},
  publisher={Cambridge University Press}
}
@article{LSQML, title={Iterative least-squares solver for generalized maximum-likelihood ptychography}, volume={26}, ISSN={1094-4087}, DOI={10/gcx53m}, abstractNote={Although ptychography does not require a precise knowledge of the illumination wavefront, common implementations rely upon assumptions such as accurate knowledge of the scan positions and constant illumination. Limited validity of these assumptions results in deterioration of the reconstruction quality. We present a generalized ptychography method that optimizes the reconstruction along multiple directions. In our manuscript, we demonstrate that the additional flexibility not only helps to amend imprecisions of the ptychography model in a self-consistent way but additionally leads to faster convergence without a significant increase of the computational cost per iteration.}, number={3}, journal={Optics Express}, author={Odstrčil, M. and Menzel, A. and Guizar-Sicairos, M.}, year={2018}, month={Feb}, pages={3108–3123}}

@article{thibault2013reconstructing,
  title={Reconstructing state mixtures from diffraction measurements},
  author={Thibault, Pierre and Menzel, Andreas},
  journal={Nature},
  volume={494},
  number={7435},
  pages={68--71},
  year={2013},
  publisher={Nature Publishing Group}
}

 @article{Goldstein_Studer_Baraniuk_2014, title={A Field Guide to Forward-Backward Splitting with a FASTA Implementation}, url={http://arxiv.org/abs/1411.3406}, journal={arXiv:1411.3406 [cs]}, author={Goldstein, Tom and Studer, Christoph and Baraniuk, Richard}, year={2014}, month={Nov} }
 
 @book{ODL_2018, title={odlgroup/odl: ODL 0.7.0}, url={https://zenodo.org/record/1442734}, DOI={10.5281/zenodo.1442734}, publisher={Zenodo}, author={Jonas Adler and others}, year={2018}, month={Sep} }

 @article{sears1991debye,
  title={Debye--Waller factor for elemental crystals},
  author={Sears, VF and Shelley, SA},
  journal={Acta Crystallographica Section A: Foundations of Crystallography},
  volume={47},
  number={4},
  pages={441--446},
  year={1991},
  publisher={International Union of Crystallography}
}
 @article{Ercius_Boese_Duden_Dahmen_2012, title={Operation of TEAM I in a User Environment at NCEM}, volume={18}, ISSN={1435-8115, 1431-9276}, DOI={10.1017/S1431927612001225}, number={4}, journal={Microscopy and Microanalysis}, publisher={Cambridge University Press}, author={Ercius, Peter and Boese, Markus and Duden, Thomas and Dahmen, Ulrich}, year={2012}, month={Aug}, pages={676–683} }
  
 @article{ASTRA_2015, title={The ASTRA Toolbox: A platform for advanced algorithm development in electron tomography}, volume={157}, ISSN={0304-3991}, DOI={10/f7q2jk}, journal={Ultramicroscopy}, author={van Aarle, Wim and others}, year={2015}, month={Oct}, pages={35–47} }
 
 @article{tomo_dengler1989multiresolution, title={A multi-resolution approach to the 3D reconstruction from an electron microscope tilt series solving the alignment problem without gold particles}, volume={30}, ISSN={0304-3991}, DOI={10/dx9ssk}, number={3}, journal={Ultramicroscopy}, author={Dengler, Joachim}, year={1989}, month={Jul}, pages={337–348}}
 
@article{ptycho_chen2021latticevibrations,
  title={Electron ptychography achieves atomic-resolution limits set by lattice vibrations},
  author={Chen, Zhen and others},
  journal={Science},
  volume={372},
  number={6544},
  pages={826--831},
  year={2021},
  publisher={American Association for the Advancement of Science}
}

@article{AET_goris2013elemental,
  title={Three-dimensional elemental mapping at the atomic scale in bimetallic nanocrystals},
  author={Goris, Bart and others},
  journal={Nano letters},
  volume={13},
  number={9},
  pages={4236--4241},
  year={2013},
  publisher={ACS Publications}
}

@article{AET_tian2020_2dTMDC,
  title={Correlating the three-dimensional atomic defects and electronic properties of two-dimensional transition metal dichalcogenides},
  author={Tian, Xuezeng and others},
  journal={Nature Materials},
  volume={19},
  number={8},
  pages={867--873},
  year={2020},
  publisher={Nature Publishing Group}
}

@article{AET_haberfehlner2015formation,
  title={Formation of bimetallic clusters in superfluid helium nanodroplets analysed by atomic resolution electron tomography},
  author={Haberfehlner, Georg and others},
  journal={Nature communications},
  volume={6},
  number={1},
  pages={1--6},
  year={2015},
  publisher={Nature Publishing Group}
}

@article{AET_chen2013Wtip,
  title={Three-dimensional imaging of dislocations in a nanoparticle at atomic resolution},
  author={Chen, Chien-Chun and others},
  journal={Nature},
  volume={496},
  number={7443},
  pages={74--77},
  year={2013},
  publisher={Nature Publishing Group}
}

@article{ptycho_yang2016midiptycho, title={Enhanced phase contrast transfer using ptychography combined with a pre-specimen phase plate in a scanning transmission electron microscope}, volume={171}, ISSN={0304-3991}, DOI={10/f9fwhk}, journal={Ultramicroscopy}, author={Yang, Hao and Ercius, Peter and Nellist, Peter D. and Ophus, Colin}, year={2016}, month={Dec}, pages={117–125} }

@article{AET_miao2016atomic,
  title={Atomic electron tomography: 3D structures without crystals},
  author={Miao, Jianwei and Ercius, Peter and Billinge, Simon JL},
  journal={Science},
  volume={353},
  number={6306},
  pages={aaf2157},
  year={2016},
  publisher={American Association for the Advancement of Science}
}
 
 @article{AET_xu2015three,
  title={Three-dimensional coordinates of individual atoms in materials revealed by electron tomography},
  author={Xu, Rui and others},
  journal={Nature materials},
  volume={14},
  number={11},
  pages={1099--1103},
  year={2015},
  publisher={Nature Publishing Group}
}

@article{AET_yang2017deciphering,
  title={Deciphering chemical order/disorder and material properties at the single-atom level},
  author={Yang, Yongsoo and others},
  journal={Nature},
  volume={542},
  number={7639},
  pages={75--79},
  year={2017},
  publisher={Nature Publishing Group}
}

@article{AET_zhou2019observing,
  title={Observing crystal nucleation in four dimensions using atomic electron tomography},
  author={Zhou, Jihan and others},
  journal={Nature},
  volume={570},
  number={7762},
  pages={500--503},
  year={2019},
  publisher={Nature Publishing Group}
}
 
@article{tem_tomo_ren2020_algo,
  title={A multiple scattering algorithm for three dimensional phase contrast atomic electron tomography},
  author={Ren, David and Ophus, Colin and Chen, Michael and Waller, Laura},
  journal={Ultramicroscopy},
  volume={208},
  pages={112860},
  year={2020},
  publisher={Elsevier}
}

@article{tem_tomo_whittaker2020_clay,
  title={Ion complexation waves emerge at the curved interfaces of layered minerals},
  author={Whittaker, Michael L. and others},
  journal={Nature communications},
  volume={13},
  number={11},
  pages={3382},
  year={2022},
  publisher={Nature Publishing Group}
}





@article{encaps_stonemeyer2020stabilization,
  title={Stabilization of NbTe3, VTe3, and TiTe3 via nanotube encapsulation},
  author={Stonemeyer, Scott and others},
  journal={Journal of the American Chemical Society},
  volume={143},
  number={12},
  pages={4563--4568},
  year={2020},
  publisher={ACS Publications}
}

@article{encaps_meyer2019metal,
  title={Metal-insulator transition in quasi-one-dimensional {HfTe}$_3$ in the few-chain limit},
  author={Meyer, Scott and others},
  journal={Physical Review B},
  volume={100},
  number={4},
  pages={041403},
  year={2019},
  publisher={APS}
}

@article{encaps_pham2020emergence,
  title={Emergence of topologically nontrivial spin-polarized states in a segmented linear chain},
  author={Pham, Thang and others},
  journal={Physical Review Letters},
  volume={124},
  number={20},
  pages={206403},
  year={2020},
  publisher={APS}
}

@article{encaps_pham2018torsional,
  title={Torsional instability in the single-chain limit of a transition metal trichalcogenide},
  author={Pham, Thang and others},
  journal={Science},
  volume={361},
  number={6399},
  pages={263--266},
  year={2018},
  publisher={American Association for the Advancement of Science}
}

@article{encaps_stonemeyer2022targeting,
  title={Targeting One-and Two-Dimensional Ta--Te Structures via Nanotube Encapsulation},
  author={Stonemeyer, Scott and others},
  journal={Nano Letters},
  year={2022},
  publisher={ACS Publications}
}

@article{encaps_nagata2019isolation,
  title={Isolation of single-wired transition-metal monochalcogenides by carbon nanotubes},
  author={Nagata, Masataka and others},
  journal={Nano Letters},
  volume={19},
  number={8},
  pages={4845--4851},
  year={2019},
  publisher={ACS Publications}
}

@article{encaps_kanda2020efficient,
  title={Efficient growth and characterization of one-dimensional transition metal tellurides inside carbon nanotubes},
  author={Kanda, Naoyuki and others},
  journal={Nanoscale},
  volume={12},
  number={33},
  pages={17185--17190},
  year={2020},
  publisher={Royal Society of Chemistry}
}

@article{encaps_zhang2019room,
  title={Room-temperature ferroelectricity in group-IV metal chalcogenide nanowires},
  author={Zhang, Jun-Jie and Guan, Jie and Dong, Shuai and Yakobson, Boris I},
  journal={Journal of the American Chemical Society},
  volume={141},
  number={38},
  pages={15040--15045},
  year={2019},
  publisher={ACS Publications}
}

@article{encaps_cain2021ultranarrow,
  title={Ultranarrow {TaS2} Nanoribbons},
  author={Cain, Jeffrey D and others},
  journal={Physical Review Letters},
  volume={21},
  number={7},
  pages={3211--3217},
  year={2021},
  publisher={ACS Publications}
}

@article{encaps_ye2021te2br,
  title={{Te2Br}: A new one-dimensional semiconductor with direct-band gap, high carrier mobility, superior flexibility, and strong quantum confinement effect},
  author={Ye, Xiao-Juan and Wei, Biao-Hua and Liu, Chun-Sheng},
  journal={Physics Letters A},
  volume={416},
  pages={127668},
  year={2021},
  publisher={Elsevier}
}

@article{encaps_guo2022direct,
  title={Direct growth of single-metal-atom chains},
  author={Guo, Shasha and others},
  journal={Nature Synthesis},
  volume={1},
  number={3},
  pages={245--253},
  year={2022},
  publisher={Nature Publishing Group}
}

@article{encaps_philp2003encapsulated,
  title={An encapsulated helical one-dimensional cobalt iodide nanostructure},
  author={Philp, Eilidh and others},
  journal={Nature Materials},
  volume={2},
  number={12},
  pages={788--791},
  year={2003},
  publisher={Nature Publishing Group}
}
@article{tripathi2024stochastic,
  title={Stochastic minibatch approach to the ptychographic iterative engine},
  author={Tripathi, Ashish and Wendy Di, Zichao and Jiang, Zhang and Wild, Stefan M},
  journal={Optics Express},
  volume={32},
  number={17},
  pages={30199--30225},
  year={2024},
  publisher={Optica Publishing Group}
}
@article{encaps_wang2010mixed,
  title={Mixed low-dimensional nanomaterial: {2D} ultranarrow {MoS}$_2$ inorganic nanoribbons encapsulated in quasi-1D carbon nanotubes},
  author={Wang, Zhiyong and others},
  journal={Journal of the American Chemical Society},
  volume={132},
  number={39},
  pages={13840--13847},
  year={2010},
  publisher={ACS Publications}
}

@article{encaps_wang2011ultra,
  title={Ultra-narrow WS 2 nanoribbons encapsulated in carbon nanotubes},
  author={Wang, Zhiyong and others},
  journal={Journal of Materials Chemistry},
  volume={21},
  number={1},
  pages={171--180},
  year={2011},
  publisher={Royal Society of Chemistry}
}

@article{encaps_tsang1994simple,
  title={A simple chemical method of opening and filling carbon nanotubes},
  author={Tsang, SC and Chen, YK and Harris, PJF and Green, MLH},
  journal={Nature},
  volume={372},
  number={6502},
  pages={159--162},
  year={1994},
  publisher={Nature Publishing Group}
}

@article{encaps_qin2020raman,
  title={Raman response and transport properties of tellurium atomic chains encapsulated in nanotubes},
  author={Qin, Jing-Kai and others},
  journal={Nature electronics},
  volume={3},
  number={3},
  pages={141--147},
  year={2020},
  publisher={Nature Publishing Group}
}

@article{encaps_kashtiban2021linear,
  title={Linear and Helical Cesium Iodide Atomic Chains in Ultranarrow Single-Walled Carbon Nanotubes: Impact on Optical Properties},
  author={Kashtiban, Reza J and Sloan, Jeremy},
  journal={ACS nano},
  volume={15},
  number={8},
  pages={13389--13398},
  year={2021},
  publisher={ACS Publications}
}

@article{encaps_pelz2021phase,
  title={Phase-contrast imaging of multiply-scattering extended objects at atomic resolution by reconstruction of the scattering matrix},
  author={Pelz, Philipp M and others},
  journal={Physical Review Research},
  volume={3},
  number={2},
  pages={023159},
  year={2021},
  publisher={APS}
}
@article{madsen2021abtem,
  title={The {abTEM} code: transmission electron microscopy from first principles},
  author={Madsen, Jacob and Susi, Toma},
  journal={Open Research Europe},
  volume={1},
  number={24},
  pages={24},
  year={2021},
  publisher={F1000 Research Limited}
}
@article{ophus2017fast,
  title={A fast image simulation algorithm for scanning transmission electron microscopy},
  author={Ophus, Colin},
  journal={Advanced structural and chemical imaging},
  volume={3},
  number={1},
  pages={1--11},
  year={2017},
  publisher={SpringerOpen}
}

@article{ophus2019four,
  title={Four-dimensional scanning transmission electron microscopy ({4D-STEM}): From scanning nanodiffraction to ptychography and beyond},
  author={Ophus, Colin},
  journal={Microscopy and Microanalysis},
  volume={25},
  number={3},
  pages={563--582},
  year={2019},
  publisher={Cambridge University Press}
}


% CO refs
@article{blakeley2015sub,
  title={Sub-atomic resolution X-ray crystallography and neutron crystallography: promise, challenges and potential},
  author={Blakeley, Matthew P and Hasnain, Samar S and Antonyuk, Svetlana V},
  journal={IUCrJ},
  volume={2},
  number={4},
  pages={464--474},
  year={2015},
  publisher={International Union of Crystallography}
}


@article{cheng2018single,
  title={Single-particle cryo-EM—How did it get here and where will it go},
  author={Cheng, Yifan},
  journal={Science},
  volume={361},
  number={6405},
  pages={876--880},
  year={2018},
  publisher={American Association for the Advancement of Science}
}

@article{furuseth1973crystal,
  title={Crystal structure of HfTe 5},
  author={Furuseth, Sigrid and Brattas, Leif and Kjekshus, Arne},
  journal={Acta Chemica Scandinavica},
  volume={27},
  number={7},
  pages={2367--2374},
  year={1973}
}

@article{glaeser1999electron,
  title={Electron crystallography: present excitement, a nod to the past, anticipating the future},
  author={Glaeser, Robert M},
  journal={Journal of structural biology},
  volume={128},
  number={1},
  pages={3--14},
  year={1999},
  publisher={Elsevier}
}
@article{himes2018emclarity,
  title={emClarity: software for high-resolution cryo-electron tomography and subtomogram averaging},
  author={Himes, Benjamin A and Zhang, Peijun},
  journal={Nature methods},
  volume={15},
  number={11},
  pages={955--961},
  year={2018},
  publisher={Nature Publishing Group}
}


@book{jackman2013application,
  title={Application of Nuclear Magnetic Resonance Spectroscopy in Organic Chemistry: International Series in Organic Chemistry},
  author={Jackman, Lloyd Miles and Sternhell, Sever},
  volume={10},
  year={2013},
  publisher={Elsevier}
}

@article{krivanek2010atom,
  title={Atom-by-atom structural and chemical analysis by annular dark-field electron microscopy},
  author={Krivanek, Ondrej L and others},
  journal={Nature},
  volume={464},
  number={7288},
  pages={571--574},
  year={2010},
  publisher={Nature Publishing Group}
}

@article{nannenga2019cryo,
  title={The cryo-EM method microcrystal electron diffraction (MicroED)},
  author={Nannenga, Brent L and Gonen, Tamir},
  journal={Nature methods},
  volume={16},
  number={5},
  pages={369--379},
  year={2019},
  publisher={Nature Publishing Group}
}

@article{shibata2012differential,
  title={Differential phase-contrast microscopy at atomic resolution},
  author={Shibata, Naoya and others},
  journal={Nature Physics},
  volume={8},
  number={8},
  pages={611--615},
  year={2012},
  publisher={Nature Publishing Group}
}

@article{qin2020raman,
  title={Raman response and transport properties of tellurium atomic chains encapsulated in nanotubes},
  author={Qin, Jing-Kai and others},
  journal={Nature electronics},
  volume={3},
  number={3},
  pages={141--147},
  year={2020},
  publisher={Nature Publishing Group}
}
 @article{Broek_Koch_2012, title={Method for Retrieval of the Three-Dimensional Object Potential by Inversion of Dynamical Electron Scattering}, volume={109}, ISSN={0031-9007}, DOI={10.1103/PhysRevLett.109.245502}, number={24}, journal={Phys. Rev. Lett.}, author={Van den Broek, Wouter and Koch, Christoph T.}, year={2012}, month={Dec}, pages={245502} }
 
  @article{Findlay_2010, title={Dynamics of annular bright field imaging in scanning transmission electron microscopy}, volume={110}, ISSN={0304-3991}, DOI={10.1016/j.ultramic.2010.04.004}, number={7}, journal={Ultramicroscopy}, author={Findlay, S. D. and Shibata, N. and Sawada, H. and Okunishi, E. and Kondo, Y. and Ikuhara, Y.}, year={2010}, month={Jun}, pages={903–923}}
   @article{Guo_2020, title={Electron-event representation data enable efficient cryoEM file storage with full preservation of spatial and temporal resolution}, volume={7}, ISSN={2052-2525}, url={https://journals.iucr.org/m/issues/2020/05/00/fq5014/}, number={55}, journal={IUCrJ}, publisher={International Union of Crystallography}, author={Guo, H. and others}, year={2020}, month={Sep}}

 @article{Lazic_2016, title={Phase contrast STEM for thin samples: Integrated differential phase contrast}, volume={160}, ISSN={0304-3991}, DOI={10.1016/j.ultramic.2015.10.011}, journal={Ultramicroscopy}, author={Lazić, Ivan and Bosch, Eric G. T. and Lazar, Sorin}, year={2016}, month={Jan}, pages={265–280}}

@article{ooe2021ultra,
  title={Ultra-high contrast STEM imaging for segmented/pixelated detectors by maximizing the signal-to-noise ratio},
  author={Ooe, Kousuke and Seki, Takehito and Ikuhara, Yuichi and Shibata, Naoya},
  journal={Ultramicroscopy},
  volume={220},
  pages={113133},
  year={2021},
  publisher={Elsevier}
}
@article{pande2022joint,
  title={Joint iterative reconstruction and 3D rigid alignment for X-ray tomography},
  author={Pande, K and Donatelli, JJ and Parkinson, DY and Yan, H and Sethian, JA},
  journal={Optics Express},
  volume={30},
  number={6},
  pages={8898--8916},
  year={2022},
  publisher={Optica Publishing Group}
}
@article{friedrich2023phase,
  title={Phase Object Reconstruction for {4D-STEM} using Deep Learning},
  author={Friedrich, Thomas and Yu, Chu-Ping and Verbeeck, Johan and Van Aert, Sandra},
  journal={Microscopy and Microanalysis},
  volume={29},
  number={1},
  pages={395--407},
  year={2023},
  publisher={Oxford University Press US}
}
@article{chang2023deep,
  title={Deep-Learning Electron Diffractive Imaging},
  author={Chang, Dillan J and others},
  journal={Physical Review Letters},
  volume={130},
  number={1},
  pages={016101},
  year={2023},
  publisher={APS}
}
@article{yu2022real,
  title={Real-time integration center of mass ({riCOM}) reconstruction for {4D STEM}},
  author={Yu, Chu-Ping and Friedrich, Thomas and Jannis, Daen and Van Aert, Sandra and Verbeeck, Johan},
  journal={Microscopy and Microanalysis},
  volume={28},
  number={5},
  pages={1526--1537},
  year={2022},
  publisher={Cambridge University Press}
}
@article{elbaum2018quantitative,
  title={Quantitative Cryo-Scanning Transmission Electron Microscopy of Biological Materials},
  author={Elbaum, Michael},
  journal={Advanced Materials},
  volume={30},
  number={41},
  pages={1706681},
  year={2018},
  publisher={Wiley Online Library}
}
@article{wolf2014cryo,
  title={Cryo-scanning transmission electron tomography of vitrified cells},
  author={Wolf, Sharon Grayer and Houben, Lothar and Elbaum, Michael},
  journal={Nature methods},
  volume={11},
  number={4},
  pages={423--428},
  year={2014},
  publisher={Nature Publishing Group US New York}
}

 @article{Hoppe1, title={Dynamische Theorie der Kristallstrukturanalyse durch Elektronenbeugung im inhomogenen Primaerstrahlwellenfeld}, volume={74}, ISSN={0005-9021}, DOI={10/gm6hq7},  number={11}, journal={Berichte der Bunsengesellschaft für physikalische Chemie}, author={Hegerl, R. and Hoppe, W.}, year={1970}, pages={1148–1154}}
@article{sanders2015physically,
  title={Physically motivated global alignment method for electron tomography},
  author={Sanders, Toby and Prange, Micah and Akatay, Cem and Binev, Peter},
  journal={Advanced Structural and Chemical Imaging},
  volume={1},
  number={1},
  pages={1--11},
  year={2015},
  publisher={Springer}
}
@article{paszke2019pytorch,
  title={Pytorch: An imperative style, high-performance deep learning library},
  author={Paszke, Adam and others},
  journal={Advances in neural information processing systems},
  volume={32},
  year={2019}
}
@article{ashton2017topology,
  title={Topology-scaling identification of layered solids and stable exfoliated 2D materials},
  author={Ashton, Michael and Paul, Joshua and Sinnott, Susan B and Hennig, Richard G},
  journal={Physical review letters},
  volume={118},
  number={10},
  pages={106101},
  year={2017},
  publisher={APS}
}

 @article{Hegerl_Hoppe_1970, title={Dynamische Theorie der Kristallstrukturanalyse durch Elektronenbeugung im inhomogenen Primärstrahlwellenfeld}, volume={74}, ISSN={0005-9021}, DOI={10/gm6hq7}, number={11}, journal={Berichte der Bunsengesellschaft für physikalische Chemie}, author={Hegerl, R. and Hoppe, W.}, year={1970}, pages={1148–1154} }


 @article{Rodenburg2007, title={Hard-X-Ray Lensless Imaging of Extended Objects}, volume={98}, ISSN={0031-9007}, DOI={10.1103/PhysRevLett.98.034801}, number={3}, journal={Phys. Rev. Lett.}, author={Rodenburg, J. and others}, year={2007}, month={Jan}, pages={1–4} }

@article{Faulkner_Rodenburg_2004,
  title={Movable aperture lensless transmission microscopy: a novel phase retrieval algorithm},
  author={Faulkner, Helen Mary Louise and Rodenburg, JM},
  journal={Physical Review Letters},
  volume={93},
  number={2},
  pages={023903},
  year={2004},
  publisher={APS}
}

@article{Maiden_2012, title={An annealing algorithm to correct positioning errors in ptychography}, volume={120}, ISSN={0304-3991}, DOI={10.1016/j.ultramic.2012.06.001}, journal={Ultramicroscopy}, author={Maiden, A. M. and Humphry, M. J. and Sarahan, M. C. and Kraus, B. and Rodenburg, J. M.}, year={2012}, month={Sep}, pages={64–72} }
 
@article{Odstrcil_2016, title={Ptychographic coherent diffractive imaging with orthogonal probe relaxation}, volume={24}, ISSN={1094-4087}, DOI={10.1364/OE.24.008360}, abstractNote={Ptychography is a scanning coherent diffractive imaging (CDI) technique that relies upon a high level of stability of the illumination during the course of an experiment. This is particularly an issue for coherent short wavelength sources, where the beam intensity is usually tightly focused on the sample in order to maximize the photon flux density on the illuminated region of the sample and thus a small change in the beam position results in a significant change in illumination of the sample. We present an improved ptychographic method that allows for limited stability of the illumination wavefront and thus significantly improve the reconstruction quality without additional prior knowledge. We have tested our reconstruction method in a proof of concept experiment, where the beam instability of a visible light source was emulated using a piezo driven mirror, and also in a short wavelength microscopy CDI setup using a high harmonic generation source in the extreme ultraviolet range. Our work shows a natural extension of the ptychography method that paves the way to use ptychographic imaging with any limited pointing stability coherent source such as free electron or soft X-ray lasers and improve reconstruction quality of long duration synchrotron experiments.}, note={00011}, number={8}, journal={Optics Express}, author={Odstrcil, M. and others}, year={2016}, month={Apr}, pages={8360–8369} }

@article{Chen_2020, title={Mixed-state electron ptychography enables sub-angstrom resolution imaging with picometer precision at low dose}, volume={11}, ISSN={2041-1723}, DOI={10/gg2fbw},  number={11}, journal={Nature Communications}, publisher={Nature Publishinsg Group}, author={Chen, Zhen and others}, year={2020}, month={Jun}, pages={2994} }

 @article{Diederichs_2024, title={Exact inversion of partially coherent dynamical electron scattering for picometric structure retrieval}, volume={15}, rights={2024 The Author(s)}, ISSN={2041-1723}, DOI={10.1038/s41467-023-44268-x}, number={11}, journal={Nature Communications}, publisher={Nature Publishing Group}, author={Diederichs, Benedikt and Herdegen, Ziria and Strauch, Achim and Filbir, Frank and Müller-Caspary, Knut}, year={2024}, month=jan, pages={101}, language={en} }

 @article{Yang_Sha_Cui_Mao_Yu_2024, title={Local-orbital ptychography for ultrahigh-resolution imaging}, rights={2024 The Author(s), under exclusive licence to Springer Nature Limited}, ISSN={1748-3395}, DOI={10.1038/s41565-023-01595-w}, journal={Nature Nanotechnology}, publisher={Nature Publishing Group}, author={Yang, Wenfeng and Sha, Haozhi and Cui, Jizhe and Mao, Liangze and Yu, Rong}, year={2024}, month=jan, pages={1–6}, language={en} }

 @article{Lee_Lee_Park_Ophus_Yang_2023, title={Multislice Electron Tomography Using Four-Dimensional Scanning Transmission Electron Microscopy}, volume={19}, DOI={10.1103/PhysRevApplied.19.054062}, number={5}, journal={Physical Review Applied}, publisher={American Physical Society}, author={Lee, Juhyeok and Lee, Moosung and Park, YongKeun and Ophus, Colin and Yang, Yongsoo}, year={2023}, month=may, pages={054062} }

@article{Jiang_2018, title={Electron ptychography of 2D materials to deep sub-ångström resolution}, volume={559}, ISSN={1476-4687}, DOI={10/gdtk8h}, number={7714}, journal={Nature}, author={Jiang, Yi and others}, year={2018}, month={Jul}, pages={343–349} }

@article{Maiden_2012_multislice, title={Ptychographic transmission microscopy in three dimensions using a multi-slice approach.}, volume={29}, ISSN={1520-8532}, number={8}, journal={J. Opt. Soc. Am. A. Opt. Image Sci. Vis.}, author={Maiden, A M and Humphry, M J and Rodenburg, J M}, year={2012}, month={Aug}, pages={1606–14} }
 @article{Miao_Charalambous_Kirz_1999, title={Extending the methodology of X-ray crystallography to allow imaging of micrometre-sized non-crystalline specimens}, volume={400}, number={July}, journal={Nature}, author={Miao, Jianwei and Charalambous, Pambos and Kirz, Janos}, year={1999}, pages={342–344} }
 
@article{Fienup_1978, title={Reconstruction of an object from the modulus of its Fourier transform}, volume={3}, ISSN={1539-4794}, DOI={10/bqm9b4}, abstractNote={We present a digital method for solving the phase-retrieval problem of optical-coherence theory: the reconstruction of a general object from the modulus of its Fourier transform. This technique should be useful for obtaining high-resolution imagery from interferometer data.}, number={1}, journal={Optics Letters}, publisher={Optical Society of America}, author={Fienup, J. R.}, year={1978}, month={Jul}, pages={27–29}}
 
@article{Thibault_2009, title={Probe retrieval in ptychographic coherent diffractive imaging.}, volume={109}, ISSN={0304-3991}, DOI={10.1016/j.ultramic.2008.12.011}, number={4}, journal={Ultramicroscopy}, author={Thibault, Pierre and Dierolf, Martin and Bunk, Oliver and Menzel, Andreas and Pfeiffer, Franz}, year={2009}, month={Mar}, pages={338–43} }
 

@article{Cao_2016, title={Modal decomposition of a propagating matter wave via electron ptychography}, volume={94}, DOI={10/gddhmv}, number={6}, journal={Physical Review A}, author={Cao, S. and Kok, P. and Li, P. and Maiden, A. M. and Rodenburg, J. M.}, year={2016}, month={Dec}, pages={063621} } 

@article{Rodenburg_Bates_1992, title={The Theory of Super-Resolution Electron Microscopy Via Wigner-Distribution Deconvolution}, volume={339}, ISSN={1364-503X}, DOI={10.1098/rsta.1992.0050}, number={1655}, journal={Philos. Trans. R. Soc. A Math. Phys. Eng. Sci.}, author={Rodenburg, J. M. and Bates, R. H. T.}, year={1992}, month={Jun}, pages={521–553} }

@article{Zhou_2020, title={Low-dose phase retrieval of biological specimens using cryo-electron ptychography}, volume={11}, ISSN={2041-1723}, DOI={10/gg7x6j}, number={11}, journal={Nature Communications}, publisher={Nature Publishing Group}, author={Zhou, Liqi and others}, year={2020}, month={Jun}, pages={2773} }

@article{savitzky_2021, title={{py4DSTEM}: A Software Package for Four-Dimensional Scanning Transmission Electron Microscopy Data Analysis}, volume={27}, DOI={10.1017/S1431927621000477}, number={4}, journal={Microscopy and Microanalysis}, publisher={Cambridge University Press}, author={Savitzky, Benjamin H. and others}, year={2021}, pages={712–743}}
 @article{Yang_Ercius_Nellist_Ophus_2016, title={Enhanced phase contrast transfer using ptychography combined with a pre-specimen phase plate in a scanning transmission electron microscope}, volume={171}, ISSN={0304-3991}, DOI={10/f9fwhk}, note={00013}, journal={Ultramicroscopy}, author={Yang, Hao and Ercius, Peter and Nellist, Peter D. and Ophus, Colin}, year={2016}, month=dec, pages={117–125} }

@article{pennycook2015efficient,
  title={Efficient phase contrast imaging in STEM using a pixelated detector. Part 1: Experimental demonstration at atomic resolution},
  author={Pennycook, Timothy J and others},
  journal={Ultramicroscopy},
  volume={151},
  pages={160--167},
  year={2015},
  publisher={Elsevier}
}
  @article{Pelz_2017, title={Low-dose cryo electron ptychography via non-convex Bayesian optimization}, volume={7}, ISSN={2045-2322}, DOI={10.1038/s41598-017-07488-y}, number={1}, journal={Scientific Reports}, author={Pelz, Philipp Michael and Qiu, Wen Xuan and Bücker, Robert and Kassier, Günther and Miller, R. J. Dwayne}, year={2017}, month={Aug}, pages={9883}}

 @article{Yang_2016, title={Simultaneous atomic-resolution electron ptychography and Z-contrast imaging of light and heavy elements in complex nanostructures}, volume={7}, ISSN={2041-1723}, DOI={10.1038/ncomms12532}, journal={Nature Communications}, author={Yang, H. and others}, year={2016}, month={Aug}, pages={12532} }

 @article{Humphry_Kraus_Hurst_2012, title={Ptychographic electron microscopy using high-angle dark-field scattering for sub-nanometre resolution imaging}, volume={3}, DOI={10.1038/ncomms1733}, journal={Nat. Comm.}, author={Humphry, MJ and Kraus, B and Hurst, AC}, year={2012}, pages={730–737} }

 @article{Pelz_2019, title={Electron Ptychography of Single Biological Macromolecules}, volume={25}, ISSN={1431-9276, 1435-8115}, DOI={10/ggd47r}, number={S2}, journal={Microscopy and Microanalysis}, author={Pelz, Philipp M. and others}, year={2019}, month={Aug}, pages={72–73} }
 
 @article{Gao_2017_3dptycho, title={Electron ptychographic microscopy for three-dimensional imaging}, volume={8}, ISSN={2041-1723}, DOI={10/gbr2vm}, number={11}, journal={Nature Communications}, publisher={Nature Publishing Group}, author={Gao, Si and others}, year={2017}, month={Jul}, pages={163} }

@article{Nellist_McCallum_Rodenburg_1995, title={Resolution beyond the “information limit” in transmission electron microscopy}, ISSN={0028-0836}, DOI={10.1038/374630a0}, journal={Nature}, author={Nellist, P. D. and McCallum, B. C. and Rodenburg, J. M.}, year={1995} }

@article{Li_Maiden_2018, title={Ten implementations of ptychography}, volume={269}, ISSN={1365-2818}, DOI={10/ggkjm3}, number={3}, journal={Journal of Microscopy}, author={Li, Peng and Maiden, Andrew M.}, year={2018}, pages={187–194} }
 @article{Pelz_Johnson_Ophus_Ercius_Scott_2022, title={Real-Time Interactive 4D-STEM Phase-Contrast Imaging From Electron Event Representation Data: Less computation with the right representation}, volume={39}, ISSN={1558-0792}, DOI={10.1109/MSP.2021.3120981}, number={1}, journal={IEEE Signal Processing Magazine}, author={Pelz, Philipp M. and Johnson, Ian and Ophus, Colin and Ercius, Peter and Scott, Mary C.}, year={2022}, month=jan, pages={25–31} }
 @article{Varnavides_2024, title={Iterative Phase Retrieval Algorithms for Scanning Transmission Electron Microscopy}, url={http://arxiv.org/abs/2309.05250}, DOI={10.48550/arXiv.2309.05250}, number={arXiv:2309.05250}, publisher={arXiv}, author={Varnavides, Georgios and Ribet, Stephanie M. and Zeltmann, Steven E. and Yu, Yue and Savitzky, Benjamin H. and Byrne, Dana O. and Allen, Frances I. and Dravid, Vinayak P. and Scott, Mary C. and Ophus, Colin}, year={2024}, month=may }
 @article{Gao_2022, title={Overcoming contrast reversals in focused probe ptychography of thick materials: An optimal pipeline for efficiently determining local atomic structure in materials science}, volume={121}, ISSN={0003-6951}, DOI={10.1063/5.0101895}, number={8}, journal={Applied Physics Letters}, author={Gao, C. and Hofer, C. and Jannis, D. and Béché, A. and Verbeeck, J. and Pennycook, T. J.}, year={2022}, month=aug, pages={081906} }
 @article{subnm_cryoptycho_2024, title={Low-dose cryo-electron ptychography of proteins at sub-nanometer resolution}, rights={© 2024, Posted by Cold Spring Harbor Laboratory. This pre-print is available under a Creative Commons License (Attribution-NonCommercial-NoDerivs 4.0 International), CC BY-NC-ND 4.0, as described at http://creativecommons.org/licenses/by-nc-nd/4.0/}, url={https://www.biorxiv.org/content/10.1101/2024.02.12.579607v2}, DOI={10.1101/2024.02.12.579607},  publisher={bioRxiv}, author={Küçükoğlu, Berk and Mohammed, Inayathulla and Guerrero-Ferreira, Ricardo C. and Kube, Massimo and Radecke, Julika and Ribet, Stephanie M. and Varnavides, Georgios and Leidl, Max Leo and Lau, Kelvin and Nazarov, Sergey and Myasnikov, Alexander and Sachse, Carsten and Müller-Caspary, Knut and Ophus, Colin and Stahlberg, Henning}, year={2024}, month=may, pages={2024.02.12.579607}, language={en} }
 @article{Pei_2023, title={Cryogenic electron ptychographic single particle analysis with wide bandwidth information transfer}, volume={14}, rights={2023 The Author(s)}, ISSN={2041-1723}, DOI={10.1038/s41467-023-38268-0},  number={11}, journal={Nature Communications}, publisher={Nature Publishing Group}, author={Pei, Xudong and Zhou, Liqi and Huang, Chen and Boyce, Mark and Kim, Judy S. and Liberti, Emanuela and Hu, Yiming and Sasaki, Takeo and Nellist, Peter D. and Zhang, Peijun and Stuart, David I. and Kirkland, Angus I. and Wang, Peng}, year={2023}, month=may, pages={3027}, language={en} }
 @article{Seifer_Kirchweger_Edel_Elbaum_2024, title={Optimizing Contrast in Automated 4D STEM Cryotomography}, volume={30}, ISSN={1431-9276}, DOI={10.1093/mam/ozae050}, number={3}, journal={Microscopy and Microanalysis}, author={Seifer, Shahar and Kirchweger, Peter and Edel, Karlina Maria and Elbaum, Michael}, year={2024}, month=jun, pages={476–488} }
 @article{Heel_Schatz_2005, title={Fourier shell correlation threshold criteria q}, volume={151}, DOI={10.1016/j.jsb.2005.05.009}, note={Citation Key: Heel2005
00000}, journal={J. Struct. Biol.}, author={Heel, Marin Van and Schatz, Michael}, year={2005}, pages={250–262} }
 @article{Padgett_2017, title={A Simple Preparation Method for Full-Range Electron Tomography of Nanoparticles and Fine Powders}, volume={23}, ISSN={1431-9276, 1435-8115}, DOI={10.1017/S1431927617012764}, number={6}, journal={Microscopy and Microanalysis}, author={Padgett, Elliot and Hovden, Robert and DaSilva, Jessica C. and Levin, Barnaby D. A. and Grazul, John L. and Hanrath, Tobias and Muller, David A.}, year={2017}, month=dec, pages={1150–1158}, language={en} }
@article{barnard1992360,
  title={A 360° single-axis tilt stage for the high-voltage electron microscope},
  author={Barnard, David P and Turner, James N and Frank, Joachim and McEwen, Bruce F},
  journal={Journal of microscopy},
  volume={167},
  number={1},
  pages={39--48},
  year={1992},
  publisher={Wiley Online Library}
}
@article{lanzavecchia2005conical,
  title={Conical tomography of freeze-fracture replicas: a method for the study of integral membrane proteins inserted in phospholipid bilayers},
  author={Lanzavecchia, S and Cantele, F and Bellon, PL and Zampighi, L and Kreman, M and Wright, E and Zampighi, GA},
  journal={Journal of structural biology},
  volume={149},
  number={1},
  pages={87--98},
  year={2005},
  publisher={Elsevier}
}
 @article{Burt_2024, title={An image processing pipeline for electron cryo-tomography in RELION-5}, rights={© 2024, Posted by Cold Spring Harbor Laboratory. This pre-print is available under a Creative Commons License (Attribution 4.0 International), CC BY 4.0, as described at http://creativecommons.org/licenses/by/4.0/}, url={https://www.biorxiv.org/content/10.1101/2024.04.26.591129v1}, DOI={10.1101/2024.04.26.591129}, publisher={bioRxiv}, author={Burt, Alister and Toader, Bogdan and Warshamanage, Rangana and Kügelgen, Andriko von and Pyle, Euan and Zivanov, Jasenko and Kimanius, Dari and Bharat, Tanmay A. M. and Scheres, Sjors H. W.}, year={2024}, month=apr, pages={2024.04.26.591129}, language={en} }

@article{mastronarde1997dual,
  title={Dual-axis tomography: an approach with alignment methods that preserve resolution},
  author={Mastronarde, David N},
  journal={Journal of structural biology},
  volume={120},
  number={3},
  pages={343--352},
  year={1997},
  publisher={Elsevier}
}
 @article{Yu_2024, title={Dose-Efficient Cryo-Electron Microscopy for Thick Samples using Tilt-Corrected Scanning Transmission Electron Microscopy, Demonstrated on Cells and Single Particles}, url={https://www.biorxiv.org/content/10.1101/2024.04.22.590491v1}, DOI={10.1101/2024.04.22.590491},  publisher={bioRxiv}, author={Yu, Yue and Spoth, Katherine A. and Colletta, Michael and Nguyen, Kayla X. and Zeltmann, Steven E. and Zhang, Xiyue S. and Paraan, Mohammadreza and Kopylov, Mykhailo and Dubbeldam, Charlie and Serwas, Daniel and Siems, Hannah and Muller, David A. and Kourkoutis, Lena F.}, year={2024}, month=apr, pages={2024.04.22.590491}, language={en} }

@article{Pelz_2021, title={Real-time interactive {4D-STEM} phase-contrast imaging from electron event representation data}, volume={27}, ISSN={1431-9276, 1435-8115}, DOI={10/gm54m8}, number={S1}, journal={Microscopy and Microanalysis}, author={Pelz, Philipp M. and Johnson, Ian and Ophus, Colin and Ercius, Peter and Scott, Mary C.}, year={2021}, month={Aug}, pages={188–189} }

@article{OLeary_2020, title={Phase reconstruction using fast binary {4D STEM} data}, volume={116}, ISSN={0003-6951}, DOI={10/ggp7k7}, number={12}, journal={Applied Physics Letters}, publisher={American Institute of Physics}, author={O’Leary, C. M. and others}, year={2020}, month={Mar}, pages={124101} }

@article{Reis_2018, title={Determination of the structural phase and octahedral rotation angle in halide perovskites}, volume={112}, ISSN={0003-6951}, DOI={10.1063/1.5017537}, number={7}, journal={Applied Physics Letters}, publisher={American Institute of Physics}, author={dos Reis, Roberto and others}, year={2018}, month={Feb}, pages={071901} }
 
@article{Cochran_Crick_Vand_1952, title={The structure of synthetic polypeptides. {I}. The transform of atoms on a helix}, volume={5}, ISSN={0365-110X}, DOI={10.1107/S0365110X52001635}, number={55}, journal={Acta Crystallographica}, publisher={International Union of Crystallography}, author={Cochran, W. and Crick, F. H. and Vand, V.}, year={1952}, month={Sep}, pages={581–586}}

@article{Pelz_Bucker_Ramm_Venugopal_Kassier_Eggert_Lu_DuninBorkowski_Miller_2019, title={Electron Ptychography of Single Biological Macromolecules}, volume={25}, ISSN={1431-9276, 1435-8115}, DOI={10/ggd47r}, number={S2}, journal={Microscopy and Microanalysis}, author={Pelz, Philipp M. and others}, year={2019}, month={Aug}, pages={72–73} }
 
 @article{epie_2011, title={Extended ptychography in the transmission electron microscope: possibilities and limitations.}, volume={111}, ISSN={1879-2723}, DOI={10.1016/j.ultramic.2011.02.005}, number={8}, journal={Ultramicroscopy}, author={H{\"u}e, F and Rodenburg, JM and Maiden, AM and Midgley, PA}, year={2011}, month={Jul}, pages={1117–23} }
 
 @article{vandenbroek_Koch_2013, title={General framework for quantitative three-dimensional reconstruction from arbitrary detection geometries in TEM}, volume={87}, ISSN={1098-0121}, DOI={10.1103/PhysRevB.87.184108}, number={18}, journal={Phys. Rev. B}, author={Van den Broek, Wouter and Koch, Christoph T.}, year={2013}, month={May}, pages={184108} }
 
 @article{Dierolf_2010, title={Ptychographic X-ray computed tomography at the nanoscale.}, volume={467}, ISSN={0028-0836}, DOI={10.1038/nature09419},  journal={Nature}, author={Dierolf, Martin and others}, year={2010}, pages={436–439} }



 @article{Wang_2010, title={Emerging Photoluminescence in Monolayer MoS2}, volume={10}, ISSN={1530-6984}, DOI={10.1021/nl903868w}, number={4}, journal={Nano Letters}, publisher={American Chemical Society}, author={Splendiani, Andrea and others}, year={2010}, month={Apr}, pages={1271–1275} }


@article{Klimes_et_al:2011,
  title = {Van der Waals density functionals applied to solids},
  author = {Klime\ifmmode \check{s}\else \v{s}\fi{}, Ji\ifmmode \check{r}\else \v{r}\fi{}\'{\i} and Bowler, David R. and Michaelides, Angelos},
  journal = {Phys. Rev. B},
  volume = {83},
  issue = {19},
  pages = {195131},
  numpages = {13},
  year = {2011},
  month = {May},
  publisher = {American Physical Society},
  doi = {10.1103/PhysRevB.83.195131},
  url = {https://link.aps.org/doi/10.1103/PhysRevB.83.195131}
}


@article{Fjellvag_et_al:1986,
  title={{Structural properties of ZrTe$_{5}$ and HfTe$_{5}$ as seen by powder diffraction}},
  author={Fjellv{\aa}g, H and Kjekshus, A},
  journal={Solid State Communications},
  volume={60},
  number={2},
  pages={91--93},
  year={1986},
  publisher={Elsevier}
}

@article{Kresse1993,
  author =        {Kresse, G. and Hafner, J.},
  journal =       {Physical Review B},
  pages =         {558--561},
  title =         {{Ab initio molecular dynamics for liquid metals}},
  volume =        {47},
  year =          {1993},
  abstract =      {We present ab initio quantum-mechanical
                   molecular-dynamics calculations based on the
                   calculation of the electronic ground state and of the
                   Hellmann-Feynman forces in the local-density
                   approximation at each molecular-dynamics step. This
                   is possible using conjugate-gradient techniques for
                   energy minimization, and predicting the wave
                   functions for new ionic positions using sub-space
                   lignment. This approach avoids the instabilities
                   inherent in quantum-mechanical molecular-dynamics
                   calculations for metals based on the use of a
                   fictitious Newtonian dynamics for the electronic
                   degree of freedom. This method gives perfect control
                   of the adiabaticity and allows us to perform
                   simulations over several picoseconds.},
  annote =        {Cite for VASP (1/4)},
  doi =           {10.1103/PhysRevB.47.558},
  isbn =          {0163-1829 (Print)$\backslash$n0163-1829 (Linking)},
  issn =          {01631829},
}

@article{Kresse1994,
  author =        {Kresse, G. and Hafner, J.},
  journal =       {Physical Review B},
  number =        {20},
  pages =         {14251--14269},
  title =         {{Ab initio molecular-dynamics simulation of the
                   liquid-metal–amorphous-semiconductor transition in
                   germanium}},
  volume =        {49},
  year =          {1994},
  abstract =      {We present ab initio quantum-mechanical
                   molecular-dynamics simulations of the liquid-metal—
                   amorphous-semiconductor transition in Ge. Our
                   simulations are based on (a) finite-temperature
                   density-functional theory of the one-electron states,
                   (b) exact energy minimization and hence cal- culation
                   of the exact Hellmann-Feynman forces after each
                   molecular-dynamics step using precon- ditioned
                   conjugate-gradient techniques, (c) accurate nonlocal
                   pseudopotentials, and (d) Nose dynamics for
                   generating a canonical ensemble. This method gives
                   perfect control of the adiabaticity of the
                   electron-ion ensemble and allows us to perform
                   simulations over more than 30 ps. The
                   computer-generated ensemble describes the structural,
                   dynamic, and electronic properties of liquid and
                   amorphous Ge in very good agreement with experiment.
                   The simulation allows us to study in detail the
                   changes in the structure-property relationship
                   through the metal-semiconductor transition. We report
                   a detailed analysis of the local structural
                   properties and their changes induced by an annealing
                   process. The geometrical, bonding, and spectral
                   properties of defects in the disordered tetrahedral
                   network are investigated and compared with
                   experiment.},
  annote =        {Cite for VASP (2/4)},
  doi =           {10.1103/PhysRevB.49.14251},
  isbn =          {0163-1829 (Print)$\backslash$n0163-1829 (Linking)},
  issn =          {0163-1829},
  url =           {http://link.aps.org/doi/10.1103/PhysRevB.49.14251},
}

@article{Kresse1996,
  author =        {Kresse, G. and Furthm{\"{u}}ller, J.},
  journal =       {Computational Materials Science},
  pages =         {15--50},
  title =         {{Efficiency of ab initio total energy calculations
                   for metals and semiconductors using a plane-wave
                   basis set}},
  volume =        {6},
  year =          {1996},
  abstract =      {We present a detailed description and comparison of
                   algorithms for performing ab-initio
                   quantum-mechanical calculations using
                   pseudopotentials and a plane-wave basis set. We will
                   discuss: (a) partial occupancies within the framework
                   of the linear tetrahedron method and the finite
                   temperature density-functional theory, (b) iterative
                   methods for the diagonalization of the Konn-Sham
                   Hamiltonian and a discussion of an efficient
                   iterative method based on the ideas of Pulay's
                   residual minimization, which is close to an order
                   N$\backslash$n 2$\backslash$n atoms scaling even for
                   relatively large systems, (c) efficient Broyden-like
                   and Pulay-like mixing methods for the charge density
                   including a new special 'preconditioning' optimized
                   for a plane-wave basis set, (d) conjugate gradient
                   methods for minimizing the electronic free energy
                   with respect to all degrees of freedom
                   simultaneously. We have implemented these algorithms
                   within a powerful package called VAMP (Vienna
                   ab-initio molecular-dynamics package). The program
                   and the techniques have been used successfully for a
                   large number of different systems (liquid and
                   amorphous semiconductors, liquid simple and
                   transition metals, metallic and semi-conducting
                   surfaces, phonons in simple metals, transition metals
                   and semiconductors) and turned out to be very
                   reliable.},
  annote =        {Cite for VASP (3/4)},
  doi =           {10.1016/0927-0256(96)00008-0},
  isbn =          {0927-0256},
  issn =          {09270256},
}

@article{Blo,
  author =        {Bl{\"{o}}chl, P.E.},
  journal =       {Physical Review B},
  number =        {24},
  pages =         {17953--17979},
  title =         {{Projector augmented-wave method}},
  volume =        {50},
  year =          {1994},
  doi = {https://doi.org/10.1103/PhysRevB.50.17953}
}

@article{Kresse1999,
  author =        {Kresse, G. and Joubert, D.},
  journal =       {Physical Review B},
  pages =         {1758--1775},
  title =         {{From ultrasoft pseudopotentials to the projector
                   augmented-wave method}},
  volume =        {59},
  year =          {1999},
  abstract =      {The formal relationship between ultrasoft (US)
                   Vanderbilt-type pseudopotentials and Bl{\"{o}}chl's
                   projector augmented wave (PAW) method is derived. It
                   is shown that the total energy functional for US
                   pseudopotentials can be obtained by linearization of
                   two terms in a slightly modified PAW total energy
                   functional. The Hamilton operator, the forces, and
                   the stress tensor are derived for this modified PAW
                   functional. A simple way to implement the PAW method
                   in existing plane-wave codes supporting US
                   pseudopotentials is pointed out. In addition,
                   critical tests are presented to compare the accuracy
                   and efficiency of the PAW and the US pseudopotential
                   method with relaxed core all electron methods. These
                   tests include small molecules
                   (H2,H2O,Li2,N2,F2,BF3,SiF4) and several bulk systems
                   (diamond, Si, V, Li, Ca, CaF2, Fe, Co, Ni).
                   Particular attention is paid to the bulk properties
                   and magnetic energies of Fe, Co, and Ni.},
  annote =        {Cite for VASP PAW potentials},
  doi =           {10.1103/PhysRevB.59.1758},
  isbn =          {0163-1829},
  issn =          {1098-0121},
}

@article{Symtopo,
  title={SymTopo: An automatic tool for calculating topological properties of nonmagnetic crystalline materials},
  author={He, Yuqing and others},
  journal={Chinese Physics B},
  volume={28},
  number={8},
  pages={087102},
  year={2019},
  publisher={IOP Publishing},
  doi={10.1088/1674-1056/28/8/087102}
}

@article{Monserrat/Narayan:2019,
  title = {Unraveling the topology of {ZrTe}$_5$ by changing temperature},
  author = {Monserrat, Bartomeu and Narayan, Awadhesh},
  journal = {Phys. Rev. Research},
  volume = {1},
  issue = {3},
  pages = {033181},
  numpages = {6},
  year = {2019},
  month = {Dec},
  publisher = {American Physical Society},
  doi = {10.1103/PhysRevResearch.1.033181},
  url = {https://link.aps.org/doi/10.1103/PhysRevResearch.1.033181}
}

@article{Nair_et_al:2018,
  title = {Thermodynamic signature of Dirac electrons across a possible topological transition in ${\mathrm{ZrTe}}_{5}$},
  author = {Nair, Nityan L. and others},
  journal = {Phys. Rev. B},
  volume = {97},
  issue = {4},
  pages = {041111},
  numpages = {5},
  year = {2018},
  month = {Jan},
  publisher = {American Physical Society},
  doi = {10.1103/PhysRevB.97.041111},
  url = {https://link.aps.org/doi/10.1103/PhysRevB.97.041111}
}


@article{nellist1995resolution,
  title={Resolution beyond the ``information limit'' in transmission electron microscopy},
  author={Nellist, PD and McCallum, BC and Rodenburg, John M},
  journal={Nature},
  volume={374},
  number={6523},
  pages={630--632},
  year={1995},
  publisher={Nature Publishing Group}
}

% ${\mathrm{ZrTe}}_{2}$}
@article{Tsipas_et_al:2018,
  title={Massless dirac fermions in {ZrTe}$_2$ semimetal grown on {InAs} (111) by van der {Waals} epitaxy},
  author={Tsipas, Polychronis and others},
  journal={ACS nano},
  volume={12},
  number={2},
  pages={1696--1703},
  year={2018},
  publisher={ACS Publications}
}

@article{Manzoni_et_al:2016,
  title={Evidence for a strong topological insulator phase in ZrTe 5},
  author={Manzoni, Giulia and others},
  journal={Physical Review Letters},
  volume={117},
  number={23},
  pages={237601},
  year={2016},
  publisher={APS}
}
